@book{godel-completeness,
year = {1929},
title = {Über die Vollständigkeit des Logikkalküls},
language = {ger},
author = {Gödel, Kurt},
}

@book{barr-exact-categories,
  author         = {M. Barr and P. A. Grillet and D. H. van Osdol},
  editor         = {},
  title          = {Exact Categories and Categories of Sheaves},
  publisher      = {Springer-Verlag Berlin Heidelberg},
  year           = {1971},
  series         = {Lecture Notes in Mathematics},
  volume         = {236},
  pages          = {X, 246},
  edition        = {1},
}