@book{godel-completeness,
  year =	 1929,
  title =	 {Über die Vollständigkeit des Logikkalküls},
  language =	 {ger},
  author =	 {Gödel, Kurt},
}

@book{barr-exact-categories,
  author =	 {M. Barr and P. A. Grillet and D. H. van Osdol},
  title =	 {Exact Categories and Categories of Sheaves},
  publisher =	 {Springer-Verlag Berlin Heidelberg},
  year =	 1971,
  series =	 {Lecture Notes in Mathematics},
  volume =	 236,
  pages =	 {X, 246},
  edition =	 1,
}

@Misc{algebraic-logic,
  author =	 {Awodey, Steven and Bauer, Andrej},
  title =	 {Introduction to Categorical Logic (lecture notes)},
  month =	 {October},
  year =	 2011
}

@article{butz1998regular,
  title =	 {Regular categories and regular logic},
  author =	 {Butz, Carsten and LS, BRICS Lecture Series},
  journal =	 {BRICS Lecture Series LS-98-2},
  year =	 1998
}

@book{cohn1981universal,
  title =	 {Universal algebra},
  author =	 {Cohn, Paul Moritz and Cohn, Paul Moritz},
  volume =	 159,
  year =	 1981,
  publisher =	 {Reidel Dordrecht}
}

@book{prijatelj1992osnove2,
  title =	 {Osnove matematične logike: Formalizacija. Del 2},
  author =	 {Prijatelj, Niko},
  year =	 1992,
  publisher =	 {Društvo matematikov, fizikov in astronomov
                  Slovenije},
  series =	 {Knjižnica Sigma}
}

@book{prijatelj1992osnove1,
  title =	 {Osnove matematične logike: Simbolizacija. Del 1},
  author =	 {Prijatelj, Niko},
  year =	 1992,
  publisher =	 {Društvo matematikov, fizikov in astronomov
                  Slovenije},
  series =	 {Knjižnica Sigma}
}

@book{riehl2017category,
  title =	 {Category theory in context},
  author =	 {Riehl, Emily},
  year =	 2017,
  publisher =	 {Courier Dover Publications}
}

@article{mccune1993single,
  title =	 {Single axioms for groups and Abelian groups with
                  various operations},
  author =	 {McCune, William W},
  journal =	 {Journal of Automated Reasoning},
  volume =	 10,
  number =	 1,
  pages =	 {1--13},
  year =	 1993,
  publisher =	 {Springer}
}

@article{lawvere1963functorial,
  title =	 {Functorial semantics of algebraic theories},
  author =	 {Lawvere, F William},
  journal =	 {Proceedings of the National Academy of Sciences of
                  the United States of America},
  volume =	 50,
  number =	 5,
  pages =	 869,
  year =	 1963,
  publisher =	 {National Academy of Sciences}
}

@book{bresar2018uvod,
  title =	 {Uvod v algebro},
  author =	 {Brešar, M.},
  isbn =	 9789612122935,
  series =	 {Matematični rokopisi},
  year =	 2018,
  publisher =	 {DMFA - založništvo}
}

@thesis{taslak2017,
  title =	 {Yonedova lema in njena uporaba},
  url =          {https://repozitorij.uni-lj.si/IzpisGradiva.php?lang=slv&id=95799},
  author =	 {Taslak, Jure},
  year =	 {2017},
  type =         {Diplomsko delo},
  school =       {FRI - Fakulteta za računalništvo in informatiko}
}

@article{birkhoff_1935,
  title =	 {On the Structure of Abstract Algebras},
  volume =	 31,
  DOI =		 {10.1017/S0305004100013463},
  number =	 4,
  journal =	 {Mathematical Proceedings of the Cambridge
                  Philosophical Society},
  publisher =	 {Cambridge University Press},
  author =	 {Birkhoff, Garrett},
  year =	 1935,
  pages =	 {433–454}
}
